%% This BibTeX bibliography file was created using BibDesk.
%% http://bibdesk.sourceforge.net/


%% Created for Christian Treppo at 2014-07-13 19:16:16 +0200 


%% Saved with string encoding Unicode (UTF-8) 



@inproceedings{Hitz:1995,
	Author = {Hitz, Martin and Montazeri, Behzad},
	Booktitle = {Proceedings of the International Symposium on Applied Corporate Computing},
	Date-Added = {2014-06-25 15:46:22 +0000},
	Date-Modified = {2014-07-13 17:14:01 +0000},
	Pages = {75--76},
	Title = {Measuring coupling and cohesion in object-oriented systems},
	Volume = {50},
	Year = {1995},
	Bdsk-File-1 = {YnBsaXN0MDDUAQIDBAUGJCVYJHZlcnNpb25YJG9iamVjdHNZJGFyY2hpdmVyVCR0b3ASAAGGoKgHCBMUFRYaIVUkbnVsbNMJCgsMDxJXTlMua2V5c1pOUy5vYmplY3RzViRjbGFzc6INDoACgAOiEBGABIAFgAdccmVsYXRpdmVQYXRoWWFsaWFzRGF0YV8QIC4uLy4uL1BhcGVycy8xOTk1LTAwNDMtTUhCTTAucGRm0hcLGBlXTlMuZGF0YU8RAcgAAAAAAcgAAgAADE1hY2ludG9zaCBIRAAAAAAAAAAAAAAAAAAAAM4UTTJIKwAAAJ0pLhMxOTk1LTAwNDMtTUhCTTAucGRmAAAAAAAAAAAAAAAAAAAAAAAAAAAAAAAAAAAAAAAAAAAAAAAAAAAAAAAAAAAAyCv5z3cSJgAAAAAAAAAAAAIAAgAACSAAAAAAAAAAAAAAAAAAAAAGUGFwZXJzABAACAAAzhQxEgAAABEACAAAz3b2BgAAAAEAFACdKS4ABwx6AAcKLwAFwKoAAhIpAAIAVE1hY2ludG9zaCBIRDpVc2VyczoAY2hyaXN0aWFudHJlcHBvOgBEcm9wYm94OgBEb2N1bWVudHM6AFBhcGVyczoAMTk5NS0wMDQzLU1IQk0wLnBkZgAOACgAEwAxADkAOQA1AC0AMAAwADQAMwAtAE0ASABCAE0AMAAuAHAAZABmAA8AGgAMAE0AYQBjAGkAbgB0AG8AcwBoACAASABEABIAQlVzZXJzL2NocmlzdGlhbnRyZXBwby9Ecm9wYm94L0RvY3VtZW50cy9QYXBlcnMvMTk5NS0wMDQzLU1IQk0wLnBkZgATAAEvAAAVAAIAFv//AACABtIbHB0eWiRjbGFzc25hbWVYJGNsYXNzZXNdTlNNdXRhYmxlRGF0YaMdHyBWTlNEYXRhWE5TT2JqZWN00hscIiNcTlNEaWN0aW9uYXJ5oiIgXxAPTlNLZXllZEFyY2hpdmVy0SYnVHJvb3SAAQAIABEAGgAjAC0AMgA3AEAARgBNAFUAYABnAGoAbABuAHEAcwB1AHcAhACOALEAtgC+AooCjAKRApwCpQKzArcCvgLHAswC2QLcAu4C8QL2AAAAAAAAAgEAAAAAAAAAKAAAAAAAAAAAAAAAAAAAAvg=}}

@webpage{cite-key,
	Date-Added = {2014-06-25 15:45:34 +0000},
	Date-Modified = {2014-06-25 15:45:34 +0000},
	Bdsk-File-1 = {YnBsaXN0MDDUAQIDBAUGJCVYJHZlcnNpb25YJG9iamVjdHNZJGFyY2hpdmVyVCR0b3ASAAGGoKgHCBMUFRYaIVUkbnVsbNMJCgsMDxJXTlMua2V5c1pOUy5vYmplY3RzViRjbGFzc6INDoACgAOiEBGABIAFgAdccmVsYXRpdmVQYXRoWWFsaWFzRGF0YV8QHy4uLy4uL1BhcGVycy8xMC4xLjEuNTUuNTgxOS5wZGbSFwsYGVdOUy5kYXRhTxEBxgAAAAABxgACAAAMTWFjaW50b3NoIEhEAAAAAAAAAAAAAAAAAAAAzhRNMkgrAAAAnSkuEjEwLjEuMS41NS41ODE5LnBkZgAAAAAAAAAAAAAAAAAAAAAAAAAAAAAAAAAAAAAAAAAAAAAAAAAAAAAAAAAAAAEB3jXPtSpaAAAAAAAAAAAAAgACAAAJIAAAAAAAAAAAAAAAAAAAAAZQYXBlcnMAEAAIAADOFDESAAAAEQAIAADPtQ46AAAAAQAUAJ0pLgAHDHoABwovAAXAqgACEikAAgBTTWFjaW50b3NoIEhEOlVzZXJzOgBjaHJpc3RpYW50cmVwcG86AERyb3Bib3g6AERvY3VtZW50czoAUGFwZXJzOgAxMC4xLjEuNTUuNTgxOS5wZGYAAA4AJgASADEAMAAuADEALgAxAC4ANQA1AC4ANQA4ADEAOQAuAHAAZABmAA8AGgAMAE0AYQBjAGkAbgB0AG8AcwBoACAASABEABIAQVVzZXJzL2NocmlzdGlhbnRyZXBwby9Ecm9wYm94L0RvY3VtZW50cy9QYXBlcnMvMTAuMS4xLjU1LjU4MTkucGRmAAATAAEvAAAVAAIAFv//AACABtIbHB0eWiRjbGFzc25hbWVYJGNsYXNzZXNdTlNNdXRhYmxlRGF0YaMdHyBWTlNEYXRhWE5TT2JqZWN00hscIiNcTlNEaWN0aW9uYXJ5oiIgXxAPTlNLZXllZEFyY2hpdmVy0SYnVHJvb3SAAQAIABEAGgAjAC0AMgA3AEAARgBNAFUAYABnAGoAbABuAHEAcwB1AHcAhACOALAAtQC9AocCiQKOApkCogKwArQCuwLEAskC1gLZAusC7gLzAAAAAAAAAgEAAAAAAAAAKAAAAAAAAAAAAAAAAAAAAvU=}}

@webpage{cite-key,
	Date-Added = {2014-06-25 15:45:34 +0000},
	Date-Modified = {2014-06-25 15:45:34 +0000},
	Bdsk-File-1 = {YnBsaXN0MDDUAQIDBAUGJCVYJHZlcnNpb25YJG9iamVjdHNZJGFyY2hpdmVyVCR0b3ASAAGGoKgHCBMUFRYaIVUkbnVsbNMJCgsMDxJXTlMua2V5c1pOUy5vYmplY3RzViRjbGFzc6INDoACgAOiEBGABIAFgAdccmVsYXRpdmVQYXRoWWFsaWFzRGF0YV8QTi4uLy4uL1BhcGVycy9hbl9vYmplY3Rfb3JpZW50ZWRfbWV0cmljX3RvX21lYXN1cmVfdGhlX2RlZ3JlZV9vZl9kZXBlbmRlbmN5LnBkZtIXCxgZV05TLmRhdGFPEQJeAAAAAAJeAAIAAAxNYWNpbnRvc2ggSEQAAAAAAAAAAAAAAAAAAADOFE0ySCsAAACdKS4fYW5fb2JqZWN0X29yaWVudGVkXyMxMDFERUQzLnBkZgAAAAAAAAAAAAAAAAAAAAAAAAAAAAAAAAAAAAAAAAAAAQHe08+1KxIAAAAAAAAAAAACAAIAAAkgAAAAAAAAAAAAAAAAAAAABlBhcGVycwAQAAgAAM4UMRIAAAARAAgAAM+1DvIAAAABABQAnSkuAAcMegAHCi8ABcCqAAISKQACAGBNYWNpbnRvc2ggSEQ6VXNlcnM6AGNocmlzdGlhbnRyZXBwbzoARHJvcGJveDoARG9jdW1lbnRzOgBQYXBlcnM6AGFuX29iamVjdF9vcmllbnRlZF8jMTAxREVEMy5wZGYADgCEAEEAYQBuAF8AbwBiAGoAZQBjAHQAXwBvAHIAaQBlAG4AdABlAGQAXwBtAGUAdAByAGkAYwBfAHQAbwBfAG0AZQBhAHMAdQByAGUAXwB0AGgAZQBfAGQAZQBnAHIAZQBlAF8AbwBmAF8AZABlAHAAZQBuAGQAZQBuAGMAeQAuAHAAZABmAA8AGgAMAE0AYQBjAGkAbgB0AG8AcwBoACAASABEABIAcFVzZXJzL2NocmlzdGlhbnRyZXBwby9Ecm9wYm94L0RvY3VtZW50cy9QYXBlcnMvYW5fb2JqZWN0X29yaWVudGVkX21ldHJpY190b19tZWFzdXJlX3RoZV9kZWdyZWVfb2ZfZGVwZW5kZW5jeS5wZGYAEwABLwAAFQACABb//wAAgAbSGxwdHlokY2xhc3NuYW1lWCRjbGFzc2VzXU5TTXV0YWJsZURhdGGjHR8gVk5TRGF0YVhOU09iamVjdNIbHCIjXE5TRGljdGlvbmFyeaIiIF8QD05TS2V5ZWRBcmNoaXZlctEmJ1Ryb290gAEACAARABoAIwAtADIANwBAAEYATQBVAGAAZwBqAGwAbgBxAHMAdQB3AIQAjgDfAOQA7ANOA1ADVQNgA2kDdwN7A4IDiwOQA50DoAOyA7UDugAAAAAAAAIBAAAAAAAAACgAAAAAAAAAAAAAAAAAAAO8}}

@webpage{cite-key,
	Date-Added = {2014-06-25 15:45:34 +0000},
	Date-Modified = {2014-06-25 15:45:34 +0000},
	Bdsk-File-1 = {YnBsaXN0MDDUAQIDBAUGJCVYJHZlcnNpb25YJG9iamVjdHNZJGFyY2hpdmVyVCR0b3ASAAGGoKgHCBMUFRYaIVUkbnVsbNMJCgsMDxJXTlMua2V5c1pOUy5vYmplY3RzViRjbGFzc6INDoACgAOiEBGABIAFgAdccmVsYXRpdmVQYXRoWWFsaWFzRGF0YV8QGi4uLy4uL1BhcGVycy9CcmlhbmQnOTkucGRm0hcLGBlXTlMuZGF0YU8RAbAAAAAAAbAAAgAADE1hY2ludG9zaCBIRAAAAAAAAAAAAAAAAAAAAM4UTTJIKwAAAJ0pLg1CcmlhbmQnOTkucGRmAAAAAAAAAAAAAAAAAAAAAAAAAAAAAAAAAAAAAAAAAAAAAAAAAAAAAAAAAAAAAAAAAAABAd13z7UpfAAAAAAAAAAAAAIAAgAACSAAAAAAAAAAAAAAAAAAAAAGUGFwZXJzABAACAAAzhQxEgAAABEACAAAz7UNXAAAAAEAFACdKS4ABwx6AAcKLwAFwKoAAhIpAAIATk1hY2ludG9zaCBIRDpVc2VyczoAY2hyaXN0aWFudHJlcHBvOgBEcm9wYm94OgBEb2N1bWVudHM6AFBhcGVyczoAQnJpYW5kJzk5LnBkZgAOABwADQBCAHIAaQBhAG4AZAAnADkAOQAuAHAAZABmAA8AGgAMAE0AYQBjAGkAbgB0AG8AcwBoACAASABEABIAPFVzZXJzL2NocmlzdGlhbnRyZXBwby9Ecm9wYm94L0RvY3VtZW50cy9QYXBlcnMvQnJpYW5kJzk5LnBkZgATAAEvAAAVAAIAFv//AACABtIbHB0eWiRjbGFzc25hbWVYJGNsYXNzZXNdTlNNdXRhYmxlRGF0YaMdHyBWTlNEYXRhWE5TT2JqZWN00hscIiNcTlNEaWN0aW9uYXJ5oiIgXxAPTlNLZXllZEFyY2hpdmVy0SYnVHJvb3SAAQAIABEAGgAjAC0AMgA3AEAARgBNAFUAYABnAGoAbABuAHEAcwB1AHcAhACOAKsAsAC4AmwCbgJzAn4ChwKVApkCoAKpAq4CuwK+AtAC0wLYAAAAAAAAAgEAAAAAAAAAKAAAAAAAAAAAAAAAAAAAAto=}}

@webpage{cite-key,
	Date-Added = {2014-06-25 15:45:34 +0000},
	Date-Modified = {2014-06-25 15:45:34 +0000},
	Bdsk-File-1 = {YnBsaXN0MDDUAQIDBAUGJCVYJHZlcnNpb25YJG9iamVjdHNZJGFyY2hpdmVyVCR0b3ASAAGGoKgHCBMUFRYaIVUkbnVsbNMJCgsMDxJXTlMua2V5c1pOUy5vYmplY3RzViRjbGFzc6INDoACgAOiEBGABIAFgAdccmVsYXRpdmVQYXRoWWFsaWFzRGF0YV8QJS4uLy4uL1BhcGVycy9DaHVyY2hlclNoZXBwZXJkMTk5NS5wZGbSFwsYGVdOUy5kYXRhTxEB3gAAAAAB3gACAAAMTWFjaW50b3NoIEhEAAAAAAAAAAAAAAAAAAAAzhRNMkgrAAAAnSkuGENodXJjaGVyU2hlcHBlcmQxOTk1LnBkZgAAAAAAAAAAAAAAAAAAAAAAAAAAAAAAAAAAAAAAAAAAAAAAAAAAAAEB3QPPtSj8AAAAAAAAAAAAAgACAAAJIAAAAAAAAAAAAAAAAAAAAAZQYXBlcnMAEAAIAADOFDESAAAAEQAIAADPtQzcAAAAAQAUAJ0pLgAHDHoABwovAAXAqgACEikAAgBZTWFjaW50b3NoIEhEOlVzZXJzOgBjaHJpc3RpYW50cmVwcG86AERyb3Bib3g6AERvY3VtZW50czoAUGFwZXJzOgBDaHVyY2hlclNoZXBwZXJkMTk5NS5wZGYAAA4AMgAYAEMAaAB1AHIAYwBoAGUAcgBTAGgAZQBwAHAAZQByAGQAMQA5ADkANQAuAHAAZABmAA8AGgAMAE0AYQBjAGkAbgB0AG8AcwBoACAASABEABIAR1VzZXJzL2NocmlzdGlhbnRyZXBwby9Ecm9wYm94L0RvY3VtZW50cy9QYXBlcnMvQ2h1cmNoZXJTaGVwcGVyZDE5OTUucGRmAAATAAEvAAAVAAIAFv//AACABtIbHB0eWiRjbGFzc25hbWVYJGNsYXNzZXNdTlNNdXRhYmxlRGF0YaMdHyBWTlNEYXRhWE5TT2JqZWN00hscIiNcTlNEaWN0aW9uYXJ5oiIgXxAPTlNLZXllZEFyY2hpdmVy0SYnVHJvb3SAAQAIABEAGgAjAC0AMgA3AEAARgBNAFUAYABnAGoAbABuAHEAcwB1AHcAhACOALYAuwDDAqUCpwKsArcCwALOAtIC2QLiAucC9AL3AwkDDAMRAAAAAAAAAgEAAAAAAAAAKAAAAAAAAAAAAAAAAAAAAxM=}}

@webpage{cite-key,
	Date-Added = {2014-06-25 15:45:34 +0000},
	Date-Modified = {2014-06-25 15:45:34 +0000},
	Bdsk-File-1 = {YnBsaXN0MDDUAQIDBAUGJCVYJHZlcnNpb25YJG9iamVjdHNZJGFyY2hpdmVyVCR0b3ASAAGGoKgHCBMUFRYaIVUkbnVsbNMJCgsMDxJXTlMua2V5c1pOUy5vYmplY3RzViRjbGFzc6INDoACgAOiEBGABIAFgAdccmVsYXRpdmVQYXRoWWFsaWFzRGF0YV8QGy4uLy4uL1BhcGVycy9DUy1UUi0zNDQzLnBkZtIXCxgZV05TLmRhdGFPEQG2AAAAAAG2AAIAAAxNYWNpbnRvc2ggSEQAAAAAAAAAAAAAAAAAAADOFE0ySCsAAACdKS4OQ1MtVFItMzQ0My5wZGYAAAAAAAAAAAAAAAAAAAAAAAAAAAAAAAAAAAAAAAAAAAAAAAAAAAAAAAAAAAAAAAAAAQHeX8+1KpAAAAAAAAAAAAACAAIAAAkgAAAAAAAAAAAAAAAAAAAABlBhcGVycwAQAAgAAM4UMRIAAAARAAgAAM+1DnAAAAABABQAnSkuAAcMegAHCi8ABcCqAAISKQACAE9NYWNpbnRvc2ggSEQ6VXNlcnM6AGNocmlzdGlhbnRyZXBwbzoARHJvcGJveDoARG9jdW1lbnRzOgBQYXBlcnM6AENTLVRSLTM0NDMucGRmAAAOAB4ADgBDAFMALQBUAFIALQAzADQANAAzAC4AcABkAGYADwAaAAwATQBhAGMAaQBuAHQAbwBzAGgAIABIAEQAEgA9VXNlcnMvY2hyaXN0aWFudHJlcHBvL0Ryb3Bib3gvRG9jdW1lbnRzL1BhcGVycy9DUy1UUi0zNDQzLnBkZgAAEwABLwAAFQACABb//wAAgAbSGxwdHlokY2xhc3NuYW1lWCRjbGFzc2VzXU5TTXV0YWJsZURhdGGjHR8gVk5TRGF0YVhOU09iamVjdNIbHCIjXE5TRGljdGlvbmFyeaIiIF8QD05TS2V5ZWRBcmNoaXZlctEmJ1Ryb290gAEACAARABoAIwAtADIANwBAAEYATQBVAGAAZwBqAGwAbgBxAHMAdQB3AIQAjgCsALEAuQJzAnUCegKFAo4CnAKgAqcCsAK1AsICxQLXAtoC3wAAAAAAAAIBAAAAAAAAACgAAAAAAAAAAAAAAAAAAALh}}

@webpage{cite-key,
	Date-Added = {2014-06-25 15:45:34 +0000},
	Date-Modified = {2014-06-25 15:45:34 +0000},
	Bdsk-File-1 = {YnBsaXN0MDDUAQIDBAUGJCVYJHZlcnNpb25YJG9iamVjdHNZJGFyY2hpdmVyVCR0b3ASAAGGoKgHCBMUFRYaIVUkbnVsbNMJCgsMDxJXTlMua2V5c1pOUy5vYmplY3RzViRjbGFzc6INDoACgAOiEBGABIAFgAdccmVsYXRpdmVQYXRoWWFsaWFzRGF0YV8QLy4uLy4uL1BhcGVycy9oYXJyaXNvbmNvdW5zZWxsbml0aGltZXRyaWNzOTgucGRm0hcLGBlXTlMuZGF0YU8RAgIAAAAAAgIAAgAADE1hY2ludG9zaCBIRAAAAAAAAAAAAAAAAAAAAM4UTTJIKwAAAJ0pLh9oYXJyaXNvbmNvdW5zZWxsbml0IzEwMURFODgucGRmAAAAAAAAAAAAAAAAAAAAAAAAAAAAAAAAAAAAAAAAAAABAd6Iz7UqvQAAAAAAAAAAAAIAAgAACSAAAAAAAAAAAAAAAAAAAAAGUGFwZXJzABAACAAAzhQxEgAAABEACAAAz7UOnQAAAAEAFACdKS4ABwx6AAcKLwAFwKoAAhIpAAIAYE1hY2ludG9zaCBIRDpVc2VyczoAY2hyaXN0aWFudHJlcHBvOgBEcm9wYm94OgBEb2N1bWVudHM6AFBhcGVyczoAaGFycmlzb25jb3Vuc2VsbG5pdCMxMDFERTg4LnBkZgAOAEYAIgBoAGEAcgByAGkAcwBvAG4AYwBvAHUAbgBzAGUAbABsAG4AaQB0AGgAaQBtAGUAdAByAGkAYwBzADkAOAAuAHAAZABmAA8AGgAMAE0AYQBjAGkAbgB0AG8AcwBoACAASABEABIAUVVzZXJzL2NocmlzdGlhbnRyZXBwby9Ecm9wYm94L0RvY3VtZW50cy9QYXBlcnMvaGFycmlzb25jb3Vuc2VsbG5pdGhpbWV0cmljczk4LnBkZgAAEwABLwAAFQACABb//wAAgAbSGxwdHlokY2xhc3NuYW1lWCRjbGFzc2VzXU5TTXV0YWJsZURhdGGjHR8gVk5TRGF0YVhOU09iamVjdNIbHCIjXE5TRGljdGlvbmFyeaIiIF8QD05TS2V5ZWRBcmNoaXZlctEmJ1Ryb290gAEACAARABoAIwAtADIANwBAAEYATQBVAGAAZwBqAGwAbgBxAHMAdQB3AIQAjgDAAMUAzQLTAtUC2gLlAu4C/AMAAwcDEAMVAyIDJQM3AzoDPwAAAAAAAAIBAAAAAAAAACgAAAAAAAAAAAAAAAAAAANB}}

@webpage{cite-key,
	Date-Added = {2014-06-25 15:45:34 +0000},
	Date-Modified = {2014-06-25 15:45:34 +0000},
	Bdsk-File-1 = {YnBsaXN0MDDUAQIDBAUGJCVYJHZlcnNpb25YJG9iamVjdHNZJGFyY2hpdmVyVCR0b3ASAAGGoKgHCBMUFRYaIVUkbnVsbNMJCgsMDxJXTlMua2V5c1pOUy5vYmplY3RzViRjbGFzc6INDoACgAOiEBGABIAFgAdccmVsYXRpdmVQYXRoWWFsaWFzRGF0YV8QIC4uLy4uL1BhcGVycy9JQ1NNMjAxMF9HZXRQb3MucGRm0hcLGBlXTlMuZGF0YU8RAcgAAAAAAcgAAgAADE1hY2ludG9zaCBIRAAAAAAAAAAAAAAAAAAAAM4UTTJIKwAAAJ0pLhNJQ1NNMjAxMF9HZXRQb3MucGRmAAAAAAAAAAAAAAAAAAAAAAAAAAAAAAAAAAAAAAAAAAAAAAAAAAAAAAAAAAABAd8Dz7UrOwAAAAAAAAAAAAIAAgAACSAAAAAAAAAAAAAAAAAAAAAGUGFwZXJzABAACAAAzhQxEgAAABEACAAAz7UPGwAAAAEAFACdKS4ABwx6AAcKLwAFwKoAAhIpAAIAVE1hY2ludG9zaCBIRDpVc2VyczoAY2hyaXN0aWFudHJlcHBvOgBEcm9wYm94OgBEb2N1bWVudHM6AFBhcGVyczoASUNTTTIwMTBfR2V0UG9zLnBkZgAOACgAEwBJAEMAUwBNADIAMAAxADAAXwBHAGUAdABQAG8AcwAuAHAAZABmAA8AGgAMAE0AYQBjAGkAbgB0AG8AcwBoACAASABEABIAQlVzZXJzL2NocmlzdGlhbnRyZXBwby9Ecm9wYm94L0RvY3VtZW50cy9QYXBlcnMvSUNTTTIwMTBfR2V0UG9zLnBkZgATAAEvAAAVAAIAFv//AACABtIbHB0eWiRjbGFzc25hbWVYJGNsYXNzZXNdTlNNdXRhYmxlRGF0YaMdHyBWTlNEYXRhWE5TT2JqZWN00hscIiNcTlNEaWN0aW9uYXJ5oiIgXxAPTlNLZXllZEFyY2hpdmVy0SYnVHJvb3SAAQAIABEAGgAjAC0AMgA3AEAARgBNAFUAYABnAGoAbABuAHEAcwB1AHcAhACOALEAtgC+AooCjAKRApwCpQKzArcCvgLHAswC2QLcAu4C8QL2AAAAAAAAAgEAAAAAAAAAKAAAAAAAAAAAAAAAAAAAAvg=}}

@webpage{cite-key,
	Date-Added = {2014-06-25 15:45:34 +0000},
	Date-Modified = {2014-06-25 15:45:34 +0000},
	Bdsk-File-1 = {YnBsaXN0MDDUAQIDBAUGJCVYJHZlcnNpb25YJG9iamVjdHNZJGFyY2hpdmVyVCR0b3ASAAGGoKgHCBMUFRYaIVUkbnVsbNMJCgsMDxJXTlMua2V5c1pOUy5vYmplY3RzViRjbGFzc6INDoACgAOiEBGABIAFgAdccmVsYXRpdmVQYXRoWWFsaWFzRGF0YV8QMC4uLy4uL1BhcGVycy9NZXRyaWNGb3JPT0RfQ2hpZGFtYmVyS2VtZXJlcjk0LnBkZtIXCxgZV05TLmRhdGFPEQIEAAAAAAIEAAIAAAxNYWNpbnRvc2ggSEQAAAAAAAAAAAAAAAAAAADOFE0ySCsAAACdKS4fTWV0cmljRm9yT09EX0NoaWRhbSMxMDFEREJDLnBkZgAAAAAAAAAAAAAAAAAAAAAAAAAAAAAAAAAAAAAAAAAAAQHdvM+1KaAAAAAAAAAAAAACAAIAAAkgAAAAAAAAAAAAAAAAAAAABlBhcGVycwAQAAgAAM4UMRIAAAARAAgAAM+1DYAAAAABABQAnSkuAAcMegAHCi8ABcCqAAISKQACAGBNYWNpbnRvc2ggSEQ6VXNlcnM6AGNocmlzdGlhbnRyZXBwbzoARHJvcGJveDoARG9jdW1lbnRzOgBQYXBlcnM6AE1ldHJpY0Zvck9PRF9DaGlkYW0jMTAxRERCQy5wZGYADgBIACMATQBlAHQAcgBpAGMARgBvAHIATwBPAEQAXwBDAGgAaQBkAGEAbQBiAGUAcgBLAGUAbQBlAHIAZQByADkANAAuAHAAZABmAA8AGgAMAE0AYQBjAGkAbgB0AG8AcwBoACAASABEABIAUlVzZXJzL2NocmlzdGlhbnRyZXBwby9Ecm9wYm94L0RvY3VtZW50cy9QYXBlcnMvTWV0cmljRm9yT09EX0NoaWRhbWJlcktlbWVyZXI5NC5wZGYAEwABLwAAFQACABb//wAAgAbSGxwdHlokY2xhc3NuYW1lWCRjbGFzc2VzXU5TTXV0YWJsZURhdGGjHR8gVk5TRGF0YVhOU09iamVjdNIbHCIjXE5TRGljdGlvbmFyeaIiIF8QD05TS2V5ZWRBcmNoaXZlctEmJ1Ryb290gAEACAARABoAIwAtADIANwBAAEYATQBVAGAAZwBqAGwAbgBxAHMAdQB3AIQAjgDBAMYAzgLWAtgC3QLoAvEC/wMDAwoDEwMYAyUDKAM6Az0DQgAAAAAAAAIBAAAAAAAAACgAAAAAAAAAAAAAAAAAAANE}}

@webpage{cite-key,
	Date-Added = {2014-06-25 15:45:34 +0000},
	Date-Modified = {2014-06-25 15:45:34 +0000},
	Bdsk-File-1 = {YnBsaXN0MDDUAQIDBAUGJCVYJHZlcnNpb25YJG9iamVjdHNZJGFyY2hpdmVyVCR0b3ASAAGGoKgHCBMUFRYaIVUkbnVsbNMJCgsMDxJXTlMua2V5c1pOUy5vYmplY3RzViRjbGFzc6INDoACgAOiEBGABIAFgAdccmVsYXRpdmVQYXRoWWFsaWFzRGF0YV8QJy4uLy4uL1BhcGVycy90b3dhcmRzbWV0cmljc3N1MDBjaGlkLnBkZtIXCxgZV05TLmRhdGFPEQHmAAAAAAHmAAIAAAxNYWNpbnRvc2ggSEQAAAAAAAAAAAAAAAAAAADOFE0ySCsAAACdKS4adG93YXJkc21ldHJpY3NzdTAwY2hpZC5wZGYAAAAAAAAAAAAAAAAAAAAAAAAAAAAAAAAAAAAAAAAAAAAAAAAAAQHcyc+1KNQAAAAAAAAAAAACAAIAAAkgAAAAAAAAAAAAAAAAAAAABlBhcGVycwAQAAgAAM4UMRIAAAARAAgAAM+1DLQAAAABABQAnSkuAAcMegAHCi8ABcCqAAISKQACAFtNYWNpbnRvc2ggSEQ6VXNlcnM6AGNocmlzdGlhbnRyZXBwbzoARHJvcGJveDoARG9jdW1lbnRzOgBQYXBlcnM6AHRvd2FyZHNtZXRyaWNzc3UwMGNoaWQucGRmAAAOADYAGgB0AG8AdwBhAHIAZABzAG0AZQB0AHIAaQBjAHMAcwB1ADAAMABjAGgAaQBkAC4AcABkAGYADwAaAAwATQBhAGMAaQBuAHQAbwBzAGgAIABIAEQAEgBJVXNlcnMvY2hyaXN0aWFudHJlcHBvL0Ryb3Bib3gvRG9jdW1lbnRzL1BhcGVycy90b3dhcmRzbWV0cmljc3N1MDBjaGlkLnBkZgAAEwABLwAAFQACABb//wAAgAbSGxwdHlokY2xhc3NuYW1lWCRjbGFzc2VzXU5TTXV0YWJsZURhdGGjHR8gVk5TRGF0YVhOU09iamVjdNIbHCIjXE5TRGljdGlvbmFyeaIiIF8QD05TS2V5ZWRBcmNoaXZlctEmJ1Ryb290gAEACAARABoAIwAtADIANwBAAEYATQBVAGAAZwBqAGwAbgBxAHMAdQB3AIQAjgC4AL0AxQKvArECtgLBAsoC2ALcAuMC7ALxAv4DAQMTAxYDGwAAAAAAAAIBAAAAAAAAACgAAAAAAAAAAAAAAAAAAAMd}}

@webpage{cite-key,
	Date-Added = {2014-06-25 15:45:34 +0000},
	Date-Modified = {2014-06-25 15:45:34 +0000},
	Bdsk-File-1 = {YnBsaXN0MDDUAQIDBAUGJCVYJHZlcnNpb25YJG9iamVjdHNZJGFyY2hpdmVyVCR0b3ASAAGGoKgHCBMUFRYaIVUkbnVsbNMJCgsMDxJXTlMua2V5c1pOUy5vYmplY3RzViRjbGFzc6INDoACgAOiEBGABIAFgAdccmVsYXRpdmVQYXRoWWFsaWFzRGF0YV8QGS4uLy4uL1BhcGVycy9UUi05My0wNS5wZGbSFwsYGVdOUy5kYXRhTxEBrgAAAAABrgACAAAMTWFjaW50b3NoIEhEAAAAAAAAAAAAAAAAAAAAzhRNMkgrAAAAnSkuDFRSLTkzLTA1LnBkZgAAAAAAAAAAAAAAAAAAAAAAAAAAAAAAAAAAAAAAAAAAAAAAAAAAAAAAAAAAAAAAAAAAAAEB3ZrPtSmVAAAAAAAAAAAAAgACAAAJIAAAAAAAAAAAAAAAAAAAAAZQYXBlcnMAEAAIAADOFDESAAAAEQAIAADPtQ11AAAAAQAUAJ0pLgAHDHoABwovAAXAqgACEikAAgBNTWFjaW50b3NoIEhEOlVzZXJzOgBjaHJpc3RpYW50cmVwcG86AERyb3Bib3g6AERvY3VtZW50czoAUGFwZXJzOgBUUi05My0wNS5wZGYAAA4AGgAMAFQAUgAtADkAMwAtADAANQAuAHAAZABmAA8AGgAMAE0AYQBjAGkAbgB0AG8AcwBoACAASABEABIAO1VzZXJzL2NocmlzdGlhbnRyZXBwby9Ecm9wYm94L0RvY3VtZW50cy9QYXBlcnMvVFItOTMtMDUucGRmAAATAAEvAAAVAAIAFv//AACABtIbHB0eWiRjbGFzc25hbWVYJGNsYXNzZXNdTlNNdXRhYmxlRGF0YaMdHyBWTlNEYXRhWE5TT2JqZWN00hscIiNcTlNEaWN0aW9uYXJ5oiIgXxAPTlNLZXllZEFyY2hpdmVy0SYnVHJvb3SAAQAIABEAGgAjAC0AMgA3AEAARgBNAFUAYABnAGoAbABuAHEAcwB1AHcAhACOAKoArwC3AmkCawJwAnsChAKSApYCnQKmAqsCuAK7As0C0ALVAAAAAAAAAgEAAAAAAAAAKAAAAAAAAAAAAAAAAAAAAtc=}}

@webpage{cite-key,
	Date-Added = {2014-06-25 15:45:34 +0000},
	Date-Modified = {2014-06-25 15:45:34 +0000},
	Bdsk-File-1 = {YnBsaXN0MDDUAQIDBAUGJCVYJHZlcnNpb25YJG9iamVjdHNZJGFyY2hpdmVyVCR0b3ASAAGGoKgHCBMUFRYaIVUkbnVsbNMJCgsMDxJXTlMua2V5c1pOUy5vYmplY3RzViRjbGFzc6INDoACgAOiEBGABIAFgAdccmVsYXRpdmVQYXRoWWFsaWFzRGF0YV8QWi4uLy4uL1BhcGVycy9Vc2luZyBDb3VwbGluZyBNZWFzdXJlbWVudCBmb3IgSW1wYWN0IEFuYWx5c2lzIGluIE9iamVjdC1PcmllbnRlZCBTeXN0ZW1zLnBkZtIXCxgZV05TLmRhdGFPEQKCAAAAAAKCAAIAAAxNYWNpbnRvc2ggSEQAAAAAAAAAAAAAAAAAAADOFE0ySCsAAACdKS4fVXNpbmcgQ291cGxpbmcgTWVhcyMxMDFERDVFLnBkZgAAAAAAAAAAAAAAAAAAAAAAAAAAAAAAAAAAAAAAAAAAAQHdXs+1KXEAAAAAAAAAAAACAAIAAAkgAAAAAAAAAAAAAAAAAAAABlBhcGVycwAQAAgAAM4UMRIAAAARAAgAAM+1DVEAAAABABQAnSkuAAcMegAHCi8ABcCqAAISKQACAGBNYWNpbnRvc2ggSEQ6VXNlcnM6AGNocmlzdGlhbnRyZXBwbzoARHJvcGJveDoARG9jdW1lbnRzOgBQYXBlcnM6AFVzaW5nIENvdXBsaW5nIE1lYXMjMTAxREQ1RS5wZGYADgCcAE0AVQBzAGkAbgBnACAAQwBvAHUAcABsAGkAbgBnACAATQBlAGEAcwB1AHIAZQBtAGUAbgB0ACAAZgBvAHIAIABJAG0AcABhAGMAdAAgAEEAbgBhAGwAeQBzAGkAcwAgAGkAbgAgAE8AYgBqAGUAYwB0AC0ATwByAGkAZQBuAHQAZQBkACAAUwB5AHMAdABlAG0AcwAuAHAAZABmAA8AGgAMAE0AYQBjAGkAbgB0AG8AcwBoACAASABEABIAfFVzZXJzL2NocmlzdGlhbnRyZXBwby9Ecm9wYm94L0RvY3VtZW50cy9QYXBlcnMvVXNpbmcgQ291cGxpbmcgTWVhc3VyZW1lbnQgZm9yIEltcGFjdCBBbmFseXNpcyBpbiBPYmplY3QtT3JpZW50ZWQgU3lzdGVtcy5wZGYAEwABLwAAFQACABb//wAAgAbSGxwdHlokY2xhc3NuYW1lWCRjbGFzc2VzXU5TTXV0YWJsZURhdGGjHR8gVk5TRGF0YVhOU09iamVjdNIbHCIjXE5TRGljdGlvbmFyeaIiIF8QD05TS2V5ZWRBcmNoaXZlctEmJ1Ryb290gAEACAARABoAIwAtADIANwBAAEYATQBVAGAAZwBqAGwAbgBxAHMAdQB3AIQAjgDrAPAA+AN+A4ADhQOQA5kDpwOrA7IDuwPAA80D0APiA+UD6gAAAAAAAAIBAAAAAAAAACgAAAAAAAAAAAAAAAAAAAPs}}
